@article{PQAHE45,
   author = {Abrahams, B. F. and Coleiro, J. and Ha, K. and Hoskins, B. F. and Orchard, S. D. and Robson, R.},
   title = {Dihydroxybenzoquinone and chloranilic acid derivatives of rare earth metals},
   journal = {Journal of the Chemical Society-Dalton Transactions},
   number = {8},
   pages = {1586-1594},
   ISSN = {1472-7773},
   DOI = {10.1039/b109296k},
   url = {<Go to ISI>://WOS:000175325700006},
   year = {2002},
   type = {Journal Article}
}

@article{PQAHE34,
   author = {Adjizian, J. J. and Briddon, P. and Humbert, B. and Duvail, J. L. and Wagner, P. and Adda, C. and Ewels, C.},
   title = {Dirac Cones in two-dimensional conjugated polymer networks},
   journal = {Nature Communications},
   volume = {5},
   ISSN = {2041-1723},
   DOI = {ARTN 5842
10.1038/ncomms6842},
   url = {<Go to ISI>://WOS:000347682200003},
   year = {2014},
   type = {Journal Article}
}

@article{PQAHE5,
   author = {Armitage, N. P. and Mele, E. J. and Vishwanath, A.},
   title = {Weyl and Dirac semimetals in three-dimensional solids},
   journal = {Reviews of Modern Physics},
   volume = {90},
   number = {1},
   ISSN = {0034-6861},
   DOI = {ARTN 015001
10.1103/RevModPhys.90.015001},
   url = {<Go to ISI>://WOS:000423135000001},
   year = {2018},
   type = {Journal Article}
}

@article{PQAHE3,
   author = {Bansil, A. and Lin, H. and Das, T.},
   title = {Colloquium: Topological band theory},
   journal = {Reviews of Modern Physics},
   volume = {88},
   number = {2},
   ISSN = {0034-6861},
   DOI = {ARTN 021004
10.1103/RevModPhys.88.021004},
   url = {<Go to ISI>://WOS:000378882600001},
   year = {2016},
   type = {Journal Article}
}

@article{PQAHE11,
   author = {Bestwick, A. J. and Fox, E. J. and Kou, X. F. and Pan, L. and Wang, K. L. and Goldhaber-Gordon, D.},
   title = {Precise Quantization of the Anomalous Hall Effect near Zero Magnetic Field},
   journal = {Physical Review Letters},
   volume = {114},
   number = {18},
   ISSN = {0031-9007},
   DOI = {ARTN 187201
10.1103/PhysRevLett.114.187201},
   url = {<Go to ISI>://WOS:000353787800006},
   year = {2015},
   type = {Journal Article}
}

@article{PQAHE10,
   author = {Chang, C. Z. and Zhang, J. S. and Feng, X. and Shen, J. and Zhang, Z. C. and Guo, M. H. and Li, K. and Ou, Y. B. and Wei, P. and Wang, L. L. and Ji, Z. Q. and Feng, Y. and Ji, S. H. and Chen, X. and Jia, J. F. and Dai, X. and Fang, Z. and Zhang, S. C. and He, K. and Wang, Y. Y. and Lu, L. and Ma, X. C. and Xue, Q. K.},
   title = {Experimental Observation of the Quantum Anomalous Hall Effect in a Magnetic Topological Insulator},
   journal = {Science},
   volume = {340},
   number = {6129},
   pages = {167-170},
   ISSN = {0036-8075},
   DOI = {10.1126/science.1234414},
   url = {<Go to ISI>://WOS:000317341400047},
   year = {2013},
   type = {Journal Article}
}

@article{PQAHE37,
   author = {Chen, Y. P. and Sun, Y. Y. and Wang, H. and West, D. and Xie, Y. and Zhong, J. and Meunier, V. and Cohen, M. L. and Zhang, S. B.},
   title = {Carbon Kagome Lattice and Orbital-Frustration-Induced Metal-Insulator Transition for Optoelectronics},
   journal = {Physical Review Letters},
   volume = {113},
   number = {8},
   ISSN = {0031-9007},
   DOI = {ARTN 085501
10.1103/PhysRevLett.113.085501},
   url = {<Go to ISI>://WOS:000341292300004},
   year = {2014},
   type = {Journal Article}
}

@article{PQAHE33,
   author = {de Lima, F. C. and Ferreira, G. J. and Miwa, R. H.},
   title = {Tuning the topological states in metal-organic bilayers},
   journal = {Physical Review B},
   volume = {96},
   number = {11},
   ISSN = {2469-9950},
   DOI = {ARTN 115426
10.1103/PhysRevB.96.115426},
   url = {<Go to ISI>://WOS:000410861500004},
   year = {2017},
   type = {Journal Article}
}

@article{PQAHE13,
   author = {Deng, Y. J. and Yu, Y. J. and Shi, M. Z. and Guo, Z. X. and Xu, Z. H. and Wang, J. and Chen, X. H. and Zhang, Y. B.},
   title = {Quantum anomalous Hall effect in intrinsic magnetic topological insulator MnBi2Te4},
   journal = {Science},
   volume = {367},
   number = {6480},
   pages = {895-+},
   ISSN = {0036-8075},
   DOI = {10.1126/science.aax8156},
   url = {<Go to ISI>://WOS:000515235800040},
   year = {2020},
   type = {Journal Article}
}

@article{PQAHE29,
   author = {Dong, L. and Kim, Y. and Er, D. and Rappe, A. M. and Shenoy, V. B.},
   title = {Two-Dimensional pi-Conjugated Covalent-Organic Frameworks as Quantum Anomalous Hall Topological Insulators},
   journal = {Physical Review Letters},
   volume = {116},
   number = {9},
   ISSN = {0031-9007},
   DOI = {ARTN 096601
10.1103/PhysRevLett.116.096601},
   url = {<Go to ISI>://WOS:000371772600008},
   year = {2016},
   type = {Journal Article}
}

@article{PQAHE21,
   author = {Furukawa, H. and Cordova, K. E. and O'Keeffe, M. and Yaghi, O. M.},
   title = {The Chemistry and Applications of Metal-Organic Frameworks},
   journal = {Science},
   volume = {341},
   number = {6149},
   pages = {974-+},
   ISSN = {0036-8075},
   DOI = {10.1126/science.1230444},
   url = {<Go to ISI>://WOS:000323652300033},
   year = {2013},
   type = {Journal Article}
}

@article{PQAHE7,
   author = {Haldane, F. D. M.},
   title = {Model for a Quantum Hall-Effect without Landau-Levels - Condensed-Matter Realization of the Parity Anomaly},
   journal = {Physical Review Letters},
   volume = {61},
   number = {18},
   pages = {2015-2018},
   ISSN = {0031-9007},
   DOI = {DOI 10.1103/PhysRevLett.61.2015},
   url = {<Go to ISI>://WOS:A1988Q714700003},
   year = {1988},
   type = {Journal Article}
}

@article{PQAHE1,
   author = {Hasan, M. Z. and Kane, C. L.},
   title = {Colloquium: Topological insulators},
   journal = {Reviews of Modern Physics},
   volume = {82},
   number = {4},
   pages = {3045-3067},
   ISSN = {0034-6861},
   DOI = {10.1103/RevModPhys.82.3045},
   url = {<Go to ISI>://WOS:000283929800001},
   year = {2010},
   type = {Journal Article}
}

@article{PQAHE32,
   author = {Jing, Y. and Heine, T.},
   title = {Two-Dimensional Kagome Lattices Made of Hetero Triangulenes Are Dirac Semimetals or Single-Band Semiconductors},
   journal = {Journal of the American Chemical Society},
   volume = {141},
   number = {2},
   pages = {743-747},
   ISSN = {0002-7863},
   DOI = {10.1021/jacs.8b09900},
   url = {<Go to ISI>://WOS:000456350300005},
   year = {2019},
   type = {Journal Article}
}

@article{PQAHE26,
   author = {Kambe, T. and Sakamoto, R. and Kusamoto, T. and Pal, T. and Fukui, N. and Hoshiko, K. and Shimojima, T. and Wang, Z. and Hirahara, T. and Ishizaka, K. and Hasegawa, S. and Liu, F. and Nishihara, H.},
   title = {Redox control and high conductivity of nickel bis(dithiolene) complex pi-nanosheet: a potential organic two-dimensional topological insulator},
   journal = {J Am Chem Soc},
   volume = {136},
   number = {41},
   pages = {14357-60},
   ISSN = {1520-5126 (Electronic)
0002-7863 (Linking)},
   DOI = {10.1021/ja507619d},
   url = {https://www.ncbi.nlm.nih.gov/pubmed/25251306
https://pubs.acs.org/doi/pdf/10.1021/ja507619d},
   year = {2014},
   type = {Journal Article}
}

@article{PQAHE36,
   author = {Kim, H. J. and Li, C. and Feng, J. and Cho, J. H. and Zhang, Z. Y.},
   title = {Competing magnetic orderings and tunable topological states in two-dimensional hexagonal organometallic lattices},
   journal = {Physical Review B},
   volume = {93},
   number = {4},
   ISSN = {2469-9950},
   DOI = {ARTN 041404
10.1103/PhysRevB.93.041404},
   url = {<Go to ISI>://WOS:000367665100004},
   year = {2016},
   type = {Journal Article}
}

@article{PQAHE44,
   author = {Kitagawa, S. and Kawata, S.},
   title = {Coordination compounds of 1,4-dihydroxybenzoquinone and its homologues. Structures and properties},
   journal = {Coordination Chemistry Reviews},
   volume = {224},
   number = {1-2},
   pages = {11-34},
   ISSN = {0010-8545},
   DOI = {Doi 10.1016/S0010-8545(01)00369-1},
   url = {<Go to ISI>://WOS:000173730500002},
   year = {2002},
   type = {Journal Article}
}

@article{PQAHE12,
   author = {Liu, C. and Wang, Y. C. and Li, H. and Wu, Y. and Li, Y. X. and Li, J. H. and He, K. and Xu, Y. and Zhang, J. S. and Wang, Y. Y.},
   title = {Robust axion insulator and Chern insulator phases in a two-dimensional antiferromagnetic topological insulator},
   journal = {Nature Materials},
   volume = {19},
   number = {5},
   pages = {522-+},
   ISSN = {1476-1122},
   DOI = {10.1038/s41563-019-0573-3},
   url = {<Go to ISI>://WOS:000508170200002},
   year = {2020},
   type = {Journal Article}
}

@article{PQAHE6,
   author = {Liu, P. Z. and Wilhams, J. R. and Cha, J. J.},
   title = {Topological nanomaterials},
   journal = {Nature Reviews Materials},
   volume = {4},
   number = {7},
   pages = {479-496},
   ISSN = {2058-8437},
   DOI = {10.1038/s41578-019-0113-4},
   url = {<Go to ISI>://WOS:000474394600005},
   year = {2019},
   type = {Journal Article}
}

@article{PQAHE17,
   author = {Liu, X. and Hsu, H. C. and Liu, C. X.},
   title = {In-Plane Magnetization-Induced Quantum Anomalous Hall Effect},
   journal = {Physical Review Letters},
   volume = {111},
   number = {8},
   ISSN = {0031-9007},
   DOI = {ARTN 086802
10.1103/PhysRevLett.111.086802},
   url = {<Go to ISI>://WOS:000323388200018},
   year = {2013},
   type = {Journal Article}
}

@article{PQAHE31,
   author = {Liu, Z. and Wang, H. D. and Wang, Z. F. and Yang, J. L. and Liu, F.},
   title = {Pressure-induced organic topological nodal-line semimetal in the three-dimensional molecular crystal Pd(dddt)(2)},
   journal = {Physical Review B},
   volume = {97},
   number = {15},
   ISSN = {2469-9950},
   DOI = {ARTN 155138
10.1103/PhysRevB.97.155138},
   url = {<Go to ISI>://WOS:000430299000001},
   year = {2018},
   type = {Journal Article}
}

@article{PQAHE20,
   author = {Liu, Z. and Zhao, G. and Liu, B. and Wang, Z. F. and Yang, J. L. and Liu, F.},
   title = {Intrinsic Quantum Anomalous Hall Effect with In-Plane Magnetization: Searching Rule and Material Prediction},
   journal = {Physical Review Letters},
   volume = {121},
   number = {24},
   ISSN = {0031-9007},
   DOI = {ARTN 246401
10.1103/PhysRevLett.121.246401},
   url = {<Go to ISI>://WOS:000452961500005},
   year = {2018},
   type = {Journal Article}
}

@article{PQAHE2,
   author = {Qi, X. L. and Zhang, S. C.},
   title = {Topological insulators and superconductors},
   journal = {Reviews of Modern Physics},
   volume = {83},
   number = {4},
   ISSN = {0034-6861},
   DOI = {10.1103/RevModPhys.83.1057},
   url = {<Go to ISI>://WOS:000308825700001},
   year = {2011},
   type = {Journal Article}
}

@article{PQAHE14,
   author = {Qiao, Z. H. and Yang, S. Y. A. and Feng, W. X. and Tse, W. K. and Ding, J. and Yao, Y. G. and Wang, J. A. and Niu, Q. A.},
   title = {Quantum anomalous Hall effect in graphene from Rashba and exchange effects},
   journal = {Physical Review B},
   volume = {82},
   number = {16},
   ISSN = {1098-0121},
   DOI = {ARTN 161414
10.1103/PhysRevB.82.161414},
   url = {<Go to ISI>://WOS:000283223200002},
   year = {2010},
   type = {Journal Article}
}

@article{PQAHE9,
   author = {Ren, Y. F. and Qiao, Z. H. and Niu, Q.},
   title = {Topological phases in two-dimensional materials: a review},
   journal = {Reports on Progress in Physics},
   volume = {79},
   number = {6},
   ISSN = {0034-4885},
   DOI = {Artn 066501
10.1088/0034-4885/79/6/066501},
   url = {<Go to ISI>://WOS:000383955500004},
   year = {2016},
   type = {Journal Article}
}

@article{PQAHE18,
   author = {Ren, Y. F. and Zeng, J. J. and Deng, X. Z. and Yang, F. and Pan, H. and Qiao, Z. H.},
   title = {Quantum anomalous Hall effect in atomic crystal layers from in-plane magnetization},
   journal = {Physical Review B},
   volume = {94},
   number = {8},
   ISSN = {2469-9950},
   DOI = {ARTN 085411
10.1103/PhysRevB.94.085411},
   url = {<Go to ISI>://WOS:000381484400007},
   year = {2016},
   type = {Journal Article}
}

@article{PQAHE39,
   author = {Shao, Q. M. and Liu, Y. W. and Yu, G. Q. and Kim, S. K. and Che, X. Y. and Tang, C. and He, Q. L. and Tserkovnyak, Y. and Shit, J. and Wang, K. L.},
   title = {Topological Hall effect at above room temperature in heterostructures composed of a magnetic insulator and a heavy metal},
   journal = {Nature Electronics},
   volume = {2},
   number = {5},
   pages = {182-186},
   ISSN = {2520-1131},
   DOI = {10.1038/s41928-019-0246-x},
   url = {<Go to ISI>://WOS:000468226400009},
   year = {2019},
   type = {Journal Article}
}

@article{PQAHE43,
   author = {van Miert, G. and Smith, C. M. and Juricic, V.},
   title = {High-Chern-number bands and tunable Dirac cones in beta-graphyne},
   journal = {Physical Review B},
   volume = {90},
   number = {8},
   ISSN = {2469-9950},
   DOI = {ARTN 081406
10.1103/PhysRevB.90.081406},
   url = {<Go to ISI>://WOS:000341263900001},
   year = {2014},
   type = {Journal Article}
}

@article{PQAHE16,
   author = {Vonklitzing, K.},
   title = {The Quantized Hall-Effect},
   journal = {Uspekhi Fizicheskikh Nauk},
   volume = {150},
   number = {1},
   pages = {107-126},
   ISSN = {0042-1294},
   url = {<Go to ISI>://WOS:A1986E397200003},
   year = {1986},
   type = {Journal Article}
}

@article{PQAHE28,
   author = {Wang, A. Z. and Zhang, X. M. and Zhao, M. W.},
   title = {Topological insulator states in a honeycomb lattice of s-triazines},
   journal = {Nanoscale},
   volume = {6},
   number = {19},
   pages = {11157-11162},
   ISSN = {2040-3364},
   DOI = {10.1039/c4nr02707h},
   url = {<Go to ISI>://WOS:000345450300009},
   year = {2014},
   type = {Journal Article}
}

@article{PQAHE35,
   author = {Wang, Y. H. and Liu, Y. L. and Wang, B.},
   title = {Effects of light on quantum phases and topological properties of two-dimensional Metal-organic frameworks},
   journal = {Scientific Reports},
   volume = {7},
   ISSN = {2045-2322},
   DOI = {ARTN 41644
10.1038/srep41644},
   url = {<Go to ISI>://WOS:000392802000001},
   year = {2017},
   type = {Journal Article}
}

@article{PQAHE25,
   author = {Wang, Z. F. and Liu, Z. and Liu, F.},
   title = {Organic topological insulators in organometallic lattices},
   journal = {Nature Communications},
   volume = {4},
   ISSN = {2041-1723},
   DOI = {ARTN 1471
10.1038/ncomms2451},
   url = {<Go to ISI>://WOS:000316616400041},
   year = {2013},
   type = {Journal Article}
}

@article{PQAHE23,
   author = {Wang, Z. F. and Liu, Z. and Liu, F.},
   title = {Quantum Anomalous Hall Effect in 2D Organic Topological Insulators},
   journal = {Physical Review Letters},
   volume = {110},
   number = {19},
   ISSN = {0031-9007},
   DOI = {ARTN 196801
10.1103/PhysRevLett.110.196801},
   url = {<Go to ISI>://WOS:000318476100011},
   year = {2013},
   type = {Journal Article}
}

@article{PQAHE24,
   author = {Wang, Z. F. and Su, N. H. and Liu, F.},
   title = {Prediction of a Two-Dimensional Organic Topological Insulator},
   journal = {Nano Letters},
   volume = {13},
   number = {6},
   pages = {2842-2845},
   ISSN = {1530-6984},
   DOI = {10.1021/nl401147u},
   url = {<Go to ISI>://WOS:000320485100086},
   year = {2013},
   type = {Journal Article}
}

@article{PQAHE4,
   author = {Wen, Xiao-Gang},
   title = {Colloquium: Zoo of quantum-topological phases of matter},
   journal = {Reviews of Modern Physics},
   volume = {89},
   number = {4},
   pages = {041004},
   ISSN = {0034-6861
1539-0756},
   DOI = {10.1103/RevModPhys.89.041004},
   url = {https://link.aps.org/doi/10.1103/RevModPhys.89.041004},
   year = {2017},
   type = {Journal Article}
}

@article{PQAHE8,
   author = {Weng, H. M. and Yu, R. and Hu, X. and Dai, X. and Fang, Z.},
   title = {Quantum anomalous Hall effect and related topological electronic states},
   journal = {Advances in Physics},
   volume = {64},
   number = {3},
   pages = {227-282},
   ISSN = {0001-8732},
   DOI = {10.1080/00018732.2015.1068524},
   url = {<Go to ISI>://WOS:000362124300001},
   year = {2015},
   type = {Journal Article}
}

@article{PQAHE41,
   author = {Wu, C. J. and Das Sarma, S.},
   title = {px,y-orbital counterpart of graphene: Cold atoms in the honeycomb optical lattice},
   journal = {Physical Review B},
   volume = {77},
   number = {23},
   ISSN = {2469-9950},
   DOI = {ARTN 235107
10.1103/PhysRevB.77.235107},
   url = {<Go to ISI>://WOS:000257289500032},
   year = {2008},
   type = {Journal Article}
}

@article{PQAHE30,
   author = {Wu, M. H. and Wang, Z. J. and Liu, J. W. and Li, W. B. and Fu, H. H. and Sun, L. and Liu, X. and Pan, M. H. and Weng, H. M. and Dinca, M. and Fu, L. and Li, J.},
   title = {Conetronics in 2D metal-organic frameworks: double/half Dirac cones and quantum anomalous Hall effect},
   journal = {2d Materials},
   volume = {4},
   number = {1},
   ISSN = {2053-1583},
   DOI = {Artn 015015
10.1088/2053-1583/4/1/015015},
   url = {<Go to ISI>://WOS:000388511300001},
   year = {2017},
   type = {Journal Article}
}

@article{PQAHE15,
   author = {Yu, R. and Zhang, W. and Zhang, H. J. and Zhang, S. C. and Dai, X. and Fang, Z.},
   title = {Quantized Anomalous Hall Effect in Magnetic Topological Insulators},
   journal = {Science},
   volume = {329},
   number = {5987},
   pages = {61-64},
   ISSN = {0036-8075},
   DOI = {10.1126/science.1187485},
   url = {<Go to ISI>://WOS:000279402700031},
   year = {2010},
   type = {Journal Article}
}

@article{PQAHE22,
   author = {Yuan, S. and Feng, L. and Wang, K. C. and Pang, J. D. and Bosch, M. and Lollar, C. and Sun, Y. J. and Qin, J. S. and Yang, X. Y. and Zhang, P. and Wang, Q. and Zou, L. F. and Zhang, Y. M. and Zhang, L. L. and Fang, Y. and Li, J. L. and Zhou, H. C.},
   title = {Stable Metal-Organic Frameworks: Design, Synthesis, and Applications},
   journal = {Advanced Materials},
   volume = {30},
   number = {37},
   ISSN = {0935-9648},
   DOI = {ARTN 1704303
10.1002/adma.201704303},
   url = {<Go to ISI>://WOS:000444072100004},
   year = {2018},
   type = {Journal Article}
}

@article{PQAHE27,
   author = {Zhao, B. and Zhang, J. Y. and Feng, W. X. and Yao, Y. G. and Yang, Z. Q.},
   title = {Quantum spin Hall and Z(2) metallic states in an organic material},
   journal = {Physical Review B},
   volume = {90},
   number = {20},
   ISSN = {2469-9950},
   DOI = {ARTN 201403
10.1103/PhysRevB.90.201403},
   url = {<Go to ISI>://WOS:000348767800003},
   year = {2014},
   type = {Journal Article}
}

@article{PQAHE19,
   author = {Zhong, P. C. and Ren, Y. F. and Han, Y. L. and Zhang, L. Y. and Qiao, Z. H.},
   title = {In-plane magnetization-induced quantum anomalous Hall effect in atomic crystals of group-V elements},
   journal = {Physical Review B},
   volume = {96},
   number = {24},
   ISSN = {2469-9950},
   DOI = {ARTN 241103
10.1103/PhysRevB.96.241103},
   url = {<Go to ISI>://WOS:000417921600001},
   year = {2017},
   type = {Journal Article}
}

@article{PQAHE38,
   author = {Zhou, J. and Liang, Q. F. and Weng, H. M. and Chen, Y. B. and Yao, S. H. and Chen, Y. F. and Dong, J. M. and Guo, G. Y.},
   title = {Predicted Quantum Topological Hall Effect and Noncoplanar Antiferromagnetism in K0.5RhO2},
   journal = {Physical Review Letters},
   volume = {116},
   number = {25},
   ISSN = {0031-9007},
   DOI = {ARTN 256601
10.1103/PhysRevLett.116.256601},
   url = {<Go to ISI>://WOS:000378208800005},
   year = {2016},
   type = {Journal Article}
}

@article{PQAHE42,
   author = {Zhou, M. and Ming, W. M. and Liu, Z. and Wang, Z. F. and Li, P. and Liu, F.},
   title = {Epitaxial growth of large-gap quantum spin Hall insulator on semiconductor surface},
   journal = {Proceedings of the National Academy of Sciences of the United States of America},
   volume = {111},
   number = {40},
   pages = {14378-14381},
   ISSN = {0027-8424},
   DOI = {10.1073/pnas.1409701111},
   url = {<Go to ISI>://WOS:000342633900032},
   year = {2014},
   type = {Journal Article}
}


@article{knuth84,
  author    = {Donald E. Knuth},
  title     = {Literate Programming},
  journal   = {The Computer Journal},
  year      = {1984},
  number    = {2},
  volume    = {27},
  pages     = {97--111},
}

@book{knuth86a,
  author    = {Donald E. Knuth},
  title     = {The {\TeX}book},
  volume    = {A},
  publisher = {Addison-Wesley},
  address   = {Reading, MA, USA},
  year      = {1986},
  series    = {Computers and Typesetting},
}

@book{lamport94,
  author    = {Leslie Lamport},
  title     = {{\LaTeX}: a Document Preparation System},
  publisher = {Addison-Wesley},
  address   = {Reading, MA, USA},
  edition   = {2},
  year      = {1994},
}

@book{tlc2,
  author    = {Frank Mittelbach and Michel Goossens and Johannes
                 Braams and David Carlisle},
  title     = {The {\LaTeX} Companion},
  publisher = {Addison-Wesley},
  address   = {Reading, MA, USA},
  edition   = {2},
  year      = {2004},
}

@collection{slg,
  editor    = {孙立广},
  title     = {顶级期刊论文摘要汇编（1999--2010）},
  address   = {合肥},
  publisher = {中国科学技术大学出版社},
  year      = {2016},
  pages     = {222},
}

@book{lyc,
  author    = {李泳池},
  title     = {张量初步和近代连续介质力学概论},
  edition   = {2},
  address   = {合肥},
  publisher = {中国科学技术大学出版社},
  year      = {2016},
  pages     = {61},
}

@book{ljs,
  author    = {刘景双},
  title     = {湿地生态系统碳、氮、硫、磷生物地球化学过程},
  address   = {合肥},
  publisher = {中国科学技术大学出版社},
  year      = {2014},
}

@incollection{cgw,
  author    = {程根伟},
  title     = {1998年长江洪水的成因与减灾对策},
  editor    = {许厚泽 and 赵其国},
  booktitle = {长江流域洪涝灾害与科技对策},
  address   = {北京},
  publisher = {科学出版社},
  year      = {1999},
  pages     = {26--32},
}

@incollection{cjb,
  author    = {陈晋镳 and 张惠民 and 朱士兴 and 赵震 and 王振刚},
  title     = {蓟县震旦亚界研究},
  editor    = {中国地质科学院天津地质矿产研究所},
  booktitle = {中国震旦亚界},
  address   = {天津},
  publisher = {天津科学技术出版社},
  year      = {1980},
  pages     = {56--114},
}

@article{kqy,
  author    = {孔庆勇 and 郭红健 and 孔庆和},
  title     = {我国科技期刊的金字塔分层模型及发展路径初探},
  journal   = {中国科技期刊研究},
  year      = {2015},
  volume    = {26},
  number    = {10},
  pages     = {1100--1103},
}

@article{yhs,
  author    = {杨洪升},
  title     = {四库馆私家抄校书考略},
  journal   = {文献},
  year      = {2013},
  number    = {1},
  pages     = {56--75},
}

@article{yx,
  author    = {于潇 and 刘义 and 柴跃廷 and others},
  title     = {互联网药品可信交易环境中主体资质审核备案模式},
  journal   = {清华大学学报(自然科学版)},
  year      = {2012},
  volume    = {52},
  number    = {11},
  pages     = {1518--1521},
}

@newspaper{dwx,
  author    = {丁文详},
  title     = {数字革命与竞争国际化},
  journal   = {中国青年报},
  year      = {2000},
  date      = {2000-11-20},
  number    = {15},
}

@patent{jxz,
  author    = {姜锡洲},
  title     = {一种温热外敷药制备方案：中国，88105607.3},
  year      = {1989},
  date      = {1989-07-26},
}

@database{wjk,
  author    = {万锦坤},
  title     = {中国大学学报论文文摘（1983--1993）（英文版）},
  medium    = {CD},
  address   = {北京},
  publisher = {中国大百科全书出版社},
  year      = {1996},
}

@phdthesis{syw,
  author    = {孙玉文},
  title     = {汉语变调构词研究},
  address   = {北京},
  school    = {北京大学},
  year      = {2000},
}

@article{wf,
  author    = {文富 and 顾丽梅},
  title     = {网络时代经济发展战略特征},
  journal   = {学术研究},
  year      = {2000},
  volume    = {21},
  number    = {4},
  pages     = {35--40},
}

@book{xd,
  author    = {肖度 and others},
  title     = {知识时代的企业合作经营},
  address   = {北京},
  publisher = {北京大学出版社},
  year      = {2000},
  pages     = {67--69},
}

@techreport{twh,
  author    = {{The White House}},
  title     = {Technology for Economic Growth},
  address   = {Washington},
  year      = {1993},
}

@article{huston,
  author    = {Hutson, Jeremy M},
  title     = {Vibrational dependence of the anisotropic intermolecular
               potential of argon-hydrogen chloride},
  journal   = {J. Phys. Chem.},
  year      = {1992},
  volume    = {96},
  number    = {11},
  pages     = {4237--4247},
}
